@article{powWeib,
	title={Complex networks: A mixture of power-law and Weibull distributions},
	author={Xu, Ke and Liu, Liandong and Liang, Xiao},
	journal={arXiv preprint arXiv:0908.0588},
	year={2009}
}

@article{newman,
	title={Power-law distributions in empirical data},
	author={Clauset, Aaron and Shalizi, Cosma Rohilla and Newman, Mark EJ},
	journal={SIAM review},
	volume={51},
	number={4},
	pages={661--703},
	year={2009},
	publisher={SIAM}
}

@book{pbook,
	  title={Fractals, chaos, power laws: Minutes from an infinite paradise},
	    author={Schroeder, Manfred Robert},
	      year={2012},
	        publisher={Courier Corporation}
}
@article{part,
	title={Power laws and self-organized criticality in theory and nature},
	author={Markovi{\'c}, Dimitrije and Gros, Claudius},
	journal={Physics Reports},
	volume={536},
	number={2},
	pages={41--74},
	year={2014},
	publisher={Elsevier}
}

@article{tStable,
	title={Temporal stability in human interaction networks: sector sizes, topological prominence and time activity},
	author={Fabbri, R. et al.},
	journal={arXiv preprint arXiv:1310.7769},
	year={2013}
}

@book{deleuze,
	title={Difference and repetition},
	author={Deleuze, Gilles},
	year={1994},
	publisher={Columbia University Press}
}
