@book{deleuze,
  title={Difference and repetition},
  author={Deleuze, Gilles},
  year={1994},
  publisher={Columbia University Press}
}

@article{part,
  title={Power laws and self-organized criticality in theory and nature},
  author={Markovi{\'c}, Dimitrije and Gros, Claudius},
  journal={Physics Reports},
  volume={536},
  number={2},
  pages={41--74},
  year={2014},
  publisher={Elsevier}
}

@article{newman,
  title={Power-law distributions in empirical data},
  author={Clauset, Aaron and Shalizi, Cosma Rohilla and Newman, Mark EJ},
  journal={SIAM review},
  volume={51},
  number={4},
  pages={661--703},
  year={2009},
  publisher={SIAM}
}

@article{newmanpower,
  title={Power laws, Pareto distributions and Zipf's law},
  author={Newman, Mark EJ},
  journal={Contemporary physics},
  volume={46},
  number={5},
  pages={323--351},
  year={2005},
  publisher={Taylor \& Francis}
}

@article{lada,
  title={Zipf, power-laws, and pareto-a ranking tutorial},
  author={Adamic, Lada A},
  journal={Xerox Palo Alto Research Center, Palo Alto, CA, http://ginger. hpl. hp. com/shl/papers/ranking/ranking. html},
  year={2000},
  publisher={Citeseer}
}

@article{economics,
  title={The Pareto, Zipf and other power laws},
  author={Reed, William J},
  journal={Economics letters},
  volume={74},
  number={1},
  pages={15--19},
  year={2001},
  publisher={Elsevier}
}

@book{pbook,
  title={Fractals, chaos, power laws: Minutes from an infinite paradise},
  author={Schroeder, Manfred},
  year={2009},
  publisher={Courier Corporation}
}

@article{cereus,
  title={Egalitarian aspects of scale-free networks},
  author={Fabbri, Renato and Pisani, Marília},
  journal={Cereus UniRG},
  year={2019},
  doi= "10.18605/2175-7275/cereus.v10n4p98-106"
}

@article{slanina,
  title={Inelastically scattering particles and wealth distribution in an open economy},
  author={Slanina, Franti{\v{s}}ek},
  journal={Physical Review E},
  volume={69},
  number={4},
  pages={046102},
  year={2004},
  publisher={APS}
}

@article{bouchard,
  title={Wealth condensation in a simple model of economy},
  author={Bouchaud, Jean-Philippe and M{\'e}zard, Marc},
  journal={Physica A: Statistical Mechanics and its Applications},
  volume={282},
  number={3-4},
  pages={536--545},
  year={2000},
  publisher={Elsevier}
}

@book{arnab,
  title={Econophysics: an introduction},
  author={Sinha, Sitabhra and Chatterjee, Arnab and Chakraborti, Anirban and Chakrabarti, Bikas K},
  year={2010},
  publisher={John Wiley \& Sons}
}

@article{dragulescu,
  title={Statistical mechanics of money},
  author={Dragulescu, Adrian and Yakovenko, Victor M},
  journal={The European Physical Journal B-Condensed Matter and Complex Systems},
  volume={17},
  number={4},
  pages={723--729},
  year={2000},
  publisher={Springer}
}

@book{complexity,
  title={Complexity: A very short introduction},
  author={Holland, John H},
  year={2014},
  publisher={OUP Oxford}
}

@book{fordism,
  title={Models of management: Work, authority, and organization in a comparative perspective},
  author={Guill{\'e}n, Mauro F},
  year={1994},
  publisher={University of Chicago Press}
}

@book{psycho,
  title={The physics and psychophysics of music: an introduction},
  author={Roederer, Juan G},
  year={2008},
  publisher={Springer Science \& Business Media}
}

@article{tStable,
  title={Temporal stability in human interaction networks},
  author={Fabbri, Renato and Fabbri, Ricardo and Antunes, Deborah Christina and Pisani, Marilia Mello and de Oliveira Junior, Osvaldo Novais},
  journal={Physica A: Statistical Mechanics and its Applications},
  volume={486},
  pages={92--105},
  year={2017},
  publisher={Elsevier}
}




@article{Dirac1953888,
  title   = "The lorentz transformation and absolute time",
  journal = "Physica ",
  volume  = "19",
  number  = "1-–12",
  pages   = "888--896",
  year    = "1953",
  doi     = "10.1016/S0031-8914(53)80099-6",
  author  = "P.A.M. Dirac"
}

@article{Feynman1963118,
  title   = "The theory of a general quantum system interacting with a linear dissipative system",
  journal = "Annals of Physics ",
  volume  = "24",
  pages   = "118--173",
  year    = "1963",
  doi     = "10.1016/0003-4916(63)90068-X",
  author  = "R.P Feynman and F.L {Vernon Jr.}"
}
